@article{Plottke_2004,
	title = {Electron-impact helium double excitation within the S-wave model},
	author = {C Plottke and P Nicol and I Bray and D V Fursa and A T Stelbovics},
	journal = {Journal of Physics B: Atomic, Molecular and Optical Physics},
	volume = {37},
	pages = {3711--3721},
	number = {18},
	year = {2004},
	month = {sep},
	publisher = {{IOP} Publishing},
	doi = {10.1088/0953-4075/37/18/011},
	url = {https://doi.org/10.1088/0953-4075/37/18/011}
}

@article{PhysRevA.81.022715,
  title = {Electron-helium $S$-wave model benchmark calculations. I. Single
                  ionization and single excitation},
  author = {Bartlett, Philip L. and Stelbovics, Andris T.},
  journal = {Phys. Rev. A},
  volume = {81},
  issue = {2},
  pages = {022715},
  numpages = {12},
  year = {2010},
  month = {Feb},
  publisher = {American Physical Society},
  doi = {10.1103/PhysRevA.81.022715},
  url = {https://link.aps.org/doi/10.1103/PhysRevA.81.022715}
}

@article{PhysRevA.81.022716,
  title = {Electron-helium $S$-wave model benchmark calculations. II. Double
                  ionization, single ionization with excitation, and double
                  excitation},
  author = {Bartlett, Philip L. and Stelbovics, Andris T.},
  journal = {Phys. Rev. A},
  volume = {81},
  issue = {2},
  pages = {022716},
  numpages = {9},
  year = {2010},
  month = {Feb},
  publisher = {American Physical Society},
  doi = {10.1103/PhysRevA.81.022716},
  url = {https://link.aps.org/doi/10.1103/PhysRevA.81.022716}
}

@article{PhysRevA.90.022710,
  title = {Ionization amplitudes in electron-hydrogen collisions},
  author = {Bray, I. and Guilfoile, C. J. and Kadyrov, A. S. and Fursa,
                  D. V. and Stelbovics, A. T.},
  journal = {Phys. Rev. A},
  volume = {90},
  issue = {2},
  pages = {022710},
  numpages = {4},
  year = {2014},
  month = {Aug},
  publisher = {American Physical Society},
  doi = {10.1103/PhysRevA.90.022710},
  url = {https://link.aps.org/doi/10.1103/PhysRevA.90.022710}
}

@article{PhysRevLett.78.4721,
  title = {Close-Coupling Theory of Ionization: Successes and Failures},
  author = {Bray, Igor},
  journal = {Phys. Rev. Lett.},
  volume = {78},
  issue = {25},
  pages = {4721--4724},
  numpages = {0},
  year = {1997},
  month = {Jun},
  publisher = {American Physical Society},
  doi = {10.1103/PhysRevLett.78.4721},
  url = {https://link.aps.org/doi/10.1103/PhysRevLett.78.4721}
}

@article{PhysRevLett.83.1570,
  title = {Calculation of Ionization within the Close-Coupling Formalism},
  author = {Stelbovics, Andris T.},
  journal = {Phys. Rev. Lett.},
  volume = {83},
  issue = {8},
  pages = {1570--1573},
  numpages = {0},
  year = {1999},
  month = {Aug},
  publisher = {American Physical Society},
  doi = {10.1103/PhysRevLett.83.1570},
  url = {https://link.aps.org/doi/10.1103/PhysRevLett.83.1570}
}

@article{PhysRevLett.89.273201,
  title = {Close-Coupling Approach to Coulomb Three-Body Problems},
  author = {Bray, Igor},
  journal = {Phys. Rev. Lett.},
  volume = {89},
  issue = {27},
  pages = {273201},
  numpages = {4},
  year = {2002},
  month = {Dec},
  publisher = {American Physical Society},
  doi = {10.1103/PhysRevLett.89.273201},
  url = {https://link.aps.org/doi/10.1103/PhysRevLett.89.273201}
}

@article{PhysRevLett.107.023203,
  title = {Nonperturbative Treatment of Ionization with Excitation of Helium by
                  Electron Impact},
  author = {Zatsarinny, Oleg and Bartschat, Klaus},
  journal = {Phys. Rev. Lett.},
  volume = {107},
  issue = {2},
  pages = {023203},
  numpages = {4},
  year = {2011},
  month = {Jul},
  publisher = {American Physical Society},
  doi = {10.1103/PhysRevLett.107.023203},
  url = {https://link.aps.org/doi/10.1103/PhysRevLett.107.023203}
}
